@inproceedings{Spielman_laplacian,
	Author = {Daniel A. Spielman},
	Booktitle = {Proceedings of the International Congress of Mathematicians},
	Title = {Algorithms, Graph Theory and Linear Equations in Laplacian Matrices},
	Year = {2010}}

@online{mexFiles,
	Author = {Laska, J.},
	Journal = {Connexions},
	Month = Aug,
	Title = {Writing C Functions in MATLAB (MEX-Files)},
	Url = {http://cnx.org/content/m12348/1.2/},
	Year = {2004}
}


@article{lamg_Report,
	Author = {Livne, O. E. and Brandt, A.},
	Journal = {SIAM Journal of Scientific Computing},
	Title = {Lean Algebraic Multigrid (LAMG): Fast Graph Laplacian Linear Solver},
	Year = {2012},
	Url = {http://arxiv.org/abs/1108.1310v2},
	}

@article{blaze_SET,
	Author = {Iglberger, K. and Hager†, G. and Treibig†, J. and Rüde, U.},
	Journal = {arXiv},
	Title = {Expression Templates Revisited: A Performance Analysis of the Current ET Methodology},
	Year = {2011},
	Url = {http://arxiv.org/abs/1104.1729v1}
}

@misc{lamg_code,
	Author = {O. E. Livne},
	Note = {Release 2.2.1.},
	Title = {{L}ean {A}lgebraic {M}ulti{G}rid ({LAMG}) MATLAB Software},
	Url = {http://lamg.googlecode.com},
	Year = {2012},
	}

@article{KKT_frangio,
	Author = {Frangioni, A. and Gentile, C.},
	Journal = {SIAM Journal of Optimization},
	Title = {New Preconditioners for KKT systems of network flow problems},
	Year = {2004}
	}

@report{MGM_frangio,
	Author = {Dell'Acqua, P. and Frangioni, A. and Serra Capizzano, S. },
	Title = {Multi-iterative techniques of Multigrid type for solving large linear systems with structure of graph},
	Year = {2010}
}

@report{IP_frangio,
	Author = {Frangioni, A. and Gentile, C.},
	Title = {Experiments with a hybrid Interior Point/Combinatorial approach for network flow problems},
	Year = {2006}
	}

@book{NR,
	Author = {Press, W. H. and Teukolsky, S. A. and Vetterling, W. T. and Flannery, B. P.},
	Title = {Numerical Recipes, The Art of Scientific Computing. Third edition.},
	Publisher = {Cambridge University Press},
	Year = {2007},
	Chapter = {20.6}
}

@article{Turni,
	Author = {Ahuja, R. K. and Magnanti, T. L. and Orlin, J.B. and Reddy, M.R.},
	Title =  {Applications of Network Optimization},
	Journal = {OR 300-94},
	Year = {1994}
}

@book{MCF_appl,
	Author = {Magnanti, T. L. and Ahuja, R. K. and Orlin, J.B. and Reddy, M.R.},
	Title = {Network flows: theory, algorithms and applications.},
	Publisher = {Prentice Hall},
	Year = {1993}
}

@article{fiderio,
	Author = {Fiderio, G.},
	Title = {Implementazione di un solutore di sistemi lineari basato su multigrid algebrico},
	Journal = {Tesi di laurea triennale},
	Year = {2007}
	}

@report{Prim_frangio,
	Author = {Frangioni, A. and Gentile, C.},
	Title = {Prim-based support-graph preconditioners form Min-Cost Flow Problems},
	Year = {2005}
}

@online{MGM_web_tut,
	Author = {Briggs, W. L. and Henson, V. E.},
	Title = {A multigrid tutorial. Presentazione},
	Url = {http://www.math.ust.hk/~mawang/teaching/math532/mgtut.pdf}
}

@book{MGM_tutorial,
	Author = {Henson, V. E. and Briggs, W. L. and McCormick, S. F.},
	Title = {A multigrid tutorial.},
	Publisher = {SIAM publications},
	Year =  {1987}
}

@book{Toporagno,
	Author = {Bevilacqua, R. and Bini, D. and Capovani, M. and Menchi, O.},
	Title = {Appunti di calcolo numerico},
	Year = {2008}
}

@book{Bjarne,
	Author = {Stroustrup, B.},
	Title = {The C++ Programming Language. Third edition.},
	Year = {1997}
}

%The boost library website http://www.boost.org/
%The blaze library website https://code.google.com/p/blaze-lib/